Anime

@misc{Anime:Basilisk,
 title     = {Basilisk},
 year      = {2005},
}

@misc{Anime:DevilMayCry,
 title     = {Devil May Cry},
 year      = {2007},
}

@misc{Anime:Dragonaut,
 title     = {Dragonaut\dash{}The Resonance},
 year      = {2007--2008},
}

@misc{Anime:ElfenLied,
 title     = {Elfen Lied},
 year      = {2004},
}

@misc{Anime:Gankutsuou,
 title     = {Gankutsuou},
 year      = {2004--2005},
}

@misc{Anime:Gilgamesh,
 title     = {Gilgamesh},
 year      = {2003--2004},
}

@misc{Anime:FinalFantasyVII:LastOrder,
  title     = {Last Order - Final Fantasy VII},
  year      = {2005},
  series    = {Final Fantasy VII},
  publisher = {Square Enix},
}

@misc{Anime:FinalFantasyVII:AdventChildren,
  title     = {Final Fantasy VII: Advent Children},
  year      = {2005},
  series    = {Final Fantasy VII},
  publisher = {Square Enix},
}

@misc{Anime:IczerOne,
 title     = {Fight! Iczer One},
 year      = {1985--1987},
}

@misc{Anime:MaoDante,
 title     = {Ma{\=o} Dante},
 year      = {2002--2003},
}

@misc{Anime:NeonGenesisEvangelion,
 title     = {Neon Genesis Evangelion},
 year      = {1995--1996},
}

@misc{Anime:TokyoMajin,
 title     = {Tokyo Majin},
 year      = {2007},
}

@misc{Anime:TrinityBlood,
 title     = {Trinity Blood},
 year      = {2005},
}

@misc{Anime:UrotsukidojiII,
 title     = {Urotsukid{\=o}ji II: Legend of the Demon Womb},
 year      = {2005},
}















Tokusatsu

@misc{Tokusatsu:Gekiranger,
  title     = {\JuukenSentaiGekiranger},
  year      = {2007},
}















Comics

@book{StanLeeSteveDitko:SpiderMan,
  author    = {Stan Lee and Steve Ditko},
  title     = {Spider-Man},
  year      = {1962},
}





@book{ToddMcFarlane:Spawn,
  author    = {Todd McFarlane},
  title     = {Spawn},
  year      = {1992},
}















Literature

@book{JoeAbercrombie:TheBladeItself,
  title     = {The Blade Itself},
  year      = {2006},
  volume    = {1},
  crossref  = {JoeAbercrombie:TheFirstLaw},
}

@book{JoeAbercrombie:BeforeTheyAreHanged,
  title     = {Before They Are Hanged},
  year      = {2007},
  volume    = {2},
  crossref  = {JoeAbercrombie:TheFirstLaw},
}

@book{JoeAbercrombie:LastArgumentofKings,
  title     = {Last Argument of Kings},
  year      = {2008},
  volume    = {3},
  crossref  = {JoeAbercrombie:TheFirstLaw},
}

@misc{JoeAbercrombie:TheFirstLaw,
  author    = {Joe Abercrombie},
  title     = {The First Law},
  series    = {The First Law},
  year      = {2006--2009},
  publisher = {Gollancz},
}





@book{RobertTBakker:TheDinosaurHeresies,
  author    = {Robert T. Bakker},
  title     = {The Dinosaur Heresies},
  year      = {1986},
  publisher = {Longman Scientific \& Technical},
}





@book{CliveBarker:BooksofBlood:II,
  author    = {Clive Barker},
  title     = {The Books of Blood},
  volume    = {II},
  year      = {1984},
  publisher = {Warner Brooks},  
}





@book{WayneBarlowe:GodsDemon,
  author    = {Wayne Barlowe},
  title     = {God's Demon},
  year      = {2007},
  publisher = {Tor},
}





@incollection{WilliamBeckford:Vathek,
  author    = {William Beckford},
  title     = {Vathek},
  year      = {1782},
  crossref  = {AlanRichardson:ThreeOrientalTales},
  pages     = {79-158},
}





@book{NykiBlatchley:KaydanaandtheStaffofIshlun,
  author    = {Nyki Blatchley},
  title     = {Kaydana and the Staff of Ishlun},
  year      = {2009},
  crossref  = {NykiBlatchley:Kaydana},
  volume    = {1},
}

@misc{NykiBlatchley:Kaydana,
  author    = {Nyki Blatchley},
  title     = {Kaydana},
  series    = {Kaydana},
  year      = {2009},
  publisher = {Lyrical Press},
}





@incollection{JamesBlish:MoreLight,
  author    = {James Blish},
  title     = {More Light},
  year      = {1970},
  crossref  = {RobertMPrice:HasturCycle},
  pages     = {84--112},
}





@incollection{RobertBloch:TheSecretintheTomb,
  title     = {The Secret in the Tomb},
  year      = {1935},
  crossref  = {RobertBloch:MysteriesoftheWorm},
}

@incollection{RobertBloch:TheSuicideintheStudy,
  title     = {The Suicide in the Study},
  year      = {1935},
  crossref  = {RobertBloch:MysteriesoftheWorm},
}

@incollection{RobertBloch:TheMannikin,
  title     = {The Mannikin},
  year      = {1937},
  crossref  = {RobertBloch:MysteriesoftheWorm},
}

@book{RobertBloch:MysteriesoftheWorm,
  author    = {Robert Bloch},
  title     = {Mysteries of the Worm},
  booktitle = {Mysteries of the Worm},
  year      = {2004},
  bookyear  = {2004},
  publisher = {Chaosium},
}





@book{RobertBloch:StrangeEons,
  author    = {Robert Bloch},
  title     = {Strange Eons},
  year      = {1978},
  publisher = {Whispers Press},
}





@book{PoppyZBrite:CalcuttaLordofNerves,
  author    = {Poppy Z. Brite},
  title     = {Calcutta, Lord of Nerves},
  year      = {1993},
}





@incollection{RamseyCampbell:TheInsectsfromShaggai,
  title     = {The Insects from Shaggai},
  year      = {1964},
  pages     = {96--127},
  crossref  = {RamseyCampbell:ColdPrintCollection},
}

@incollection{RamseyCampbell:TheRenderoftheVeils,
  title     = {The Render of the Veils},
  year      = {1964},
  pages     = {128--142},
  crossref  = {RamseyCampbell:ColdPrintCollection},
}

@incollection{RamseyCampbell:TheInhabitantoftheLake,
  title     = {The Inhabitant of the Lake},
  year      = {1964},
  pages     = {143--178},
  crossref  = {RamseyCampbell:ColdPrintCollection},
}

@incollection{RamseyCampbell:TheTugging,
  title     = {TheTugging},
  year      = {1976},
  pages     = {240--274},
  crossref  = {RamseyCampbell:ColdPrintCollection},
}

@book{RamseyCampbell:ColdPrintCollection,
  author    = {Ramsey Campbell},
  title     = {Cold Print},
  booktitle = {Cold Print},
  year      = {1987},
  bookyear  = {1987},
  publisher = {Grafton},
}





@book{JacquelineCarey:KushielsDart,
  title     = {Kushiel's Dart},
  year      = {2001},
  crossref  = {JacquelineCarey:KushielsLegacy},
  volume    = {1},
}

@book{JacquelineCarey:KushielsChosen,
  title     = {Kushiel's Chosen},
  year      = {2002},
  crossref  = {JacquelineCarey:KushielsLegacy},
  volume    = {2},
}

@book{JacquelineCarey:KushielsAvatar,
  title     = {Kushiel's Avatar},
  year      = {2003},
  crossref  = {JacquelineCarey:KushielsLegacy},
  volume    = {3},
}

@book{JacquelineCarey:KushielsLegacy,
  author    = {Jacqueline Carey},
  title     = {Kushiel's Legacy},
  year      = {2001--2008},
  series    = {Kushiel's Legacy},
  publisher = {Tor Fantasy},
}





@incollection{LinCarter:TheMadnessOutofTime,
  author    = {Lin Carter},
  title     = {The Madness Out of Time},
  year      = {1986},
  crossref  = {RobertMPrice:AzathothCycle},
}

@incollection{LinCarter:TheNecronomiconTheDeeTranslation,
  author    = {Lin Carter},
  title     = {The Necronomicon: The Dee Translation},
  year      = {1989},
  crossref  = {RobertMPrice:TheNecronomicon},
}





@book{RHCharles:BookofEnoch,
  editor    = {R. H. Charles},
  title     = {The Book of Enoch},
  year      = {2007},
  publisher = {Dover Publications},
}





@book{GlenCook:TheWhiteRose,
  author    = {Glen Cook},
  title     = {The White Rose},
  year      = {1985},
  series    = {The Black Company},
  volume    = {3},
  publisher = {Tor},
}





@book{BenCounter:BattlefortheAbyss,
  author    = {Ben Counter},
  title     = {Battle for the Abyss},
  year      = {2008},
  series    = {The Horus Heresy},
  volume    = {8},
  publisher = {Black Library},
}





@book{TimCurran:Hive,
  title     = {Hive},
  year      = {2005},
  volume    = {1},
  crossref  = {TimCurran:HiveSeries},
}

@book{TimCurran:TheSpawning,
  title     = {Hive},
  year      = {2010},
  volume    = {2},
  crossref  = {TimCurran:HiveSeries},
}

@misc{TimCurran:HiveSeries,
  author    = {Tim Curran},
  series    = {Hive Series},
  publisher = {Elder Signs Press},
}





@incollection{EdwardPickmanDerby:Azathoth,
  author    = {Edward Pickman Derby},
  title     = {Azathoth},
  crossref  = {RobertMPrice:AzathothCycle},
}





@incollection{AugustDerleth:TheTrailofCthulhu,
  title     = {The Trail of Cthulhu},
  crossref  = {AugustDerleth:QuestforCthulhu},
  pages     = {187--440},
}

@book{AugustDerleth:QuestforCthulhu,
  author    = {August Derleth},
  title     = {Quest for Cthulhu},
  year      = {2000},
  publisher = {Carroll \& Graf},
}





@incollection{DavidDrake:ThanCursetheDarkness,
  author    = {David Drake},
  title     = {Than Curse the Darkness},
  crossref  = {RamseyCampbell:NewTalesoftheCthulhuMythos},
  pages     = {260--292},
}





@incollection{LordDunsany:TheGodsofPegana,
  title     = {The Gods of Peg{\=a}na},
  year      = {1905},
  crossref  = {LordDunsany:TheCompletePegana},
}

@book{LordDunsany:TheCompletePegana,
  author    = {Lord Dunsany},
  booktitle = {The Complete Peg{\=a}na},
  title     = {The Complete Peg{\=a}na},
  year      = {2006},
  publisher = {Chaosium},
}





@book{StevenErikson:GardensoftheMoon,
  author    = {Steven Erikson},
  title     = {Gardens of the Moon},
  year      = {1999},
  crossref  = {StevenEriksonIanCameronEsslemont:MalazanBookoftheFallen},
  volume    = {1},
}

@book{StevenErikson:DeadhouseGates,
  author    = {Steven Erikson},
  title     = {Deadhouse Gates},
  year      = {2000},
  crossref  = {StevenEriksonIanCameronEsslemont:MalazanBookoftheFallen},
  volume    = {2},
}

@book{StevenErikson:MemoriesofIce,
  author    = {Steven Erikson},
  title     = {Memories of Ice},
  year      = {2001},
  crossref  = {StevenEriksonIanCameronEsslemont:MalazanBookoftheFallen},
  volume    = {3},
}

@book{StevenErikson:HouseofChains,
  author    = {Steven Erikson},
  title     = {House of Chains},
  year      = {2002},
  crossref  = {StevenEriksonIanCameronEsslemont:MalazanBookoftheFallen},
  volume    = {4},
}

@book{StevenErikson:MidnightTides,
  author    = {Steven Erikson},
  title     = {Midnight Tides},
  year      = {2004},
  crossref  = {StevenEriksonIanCameronEsslemont:MalazanBookoftheFallen},
  volume    = {5},
}

@book{StevenErikson:TheBonehunters,
  author    = {Steven Erikson},
  title     = {The Bonehunters},
  year      = {2006},
  crossref  = {StevenEriksonIanCameronEsslemont:MalazanBookoftheFallen},
  volume    = {6},
}

@book{StevenErikson:ReapersGale,
  author    = {Steven Erikson},
  title     = {Reaper's Gale},
  year      = {2007},
  crossref  = {StevenEriksonIanCameronEsslemont:MalazanBookoftheFallen},
  volume    = {7},
}

@book{StevenErikson:TolltheHounds,
  author    = {Steven Erikson},
  title     = {Toll the Hounds},
  year      = {2008},
  crossref  = {StevenEriksonIanCameronEsslemont:MalazanBookoftheFallen},
  volume    = {8},
}

@book{StevenErikson:DustofDreams,
  author    = {Steven Erikson},
  title     = {Dust of Dreams},
  year      = {2009},
  crossref  = {StevenEriksonIanCameronEsslemont:MalazanBookoftheFallen},
  volume    = {9},
}

@book{StevenErikson:TheCrippledGod,
  author    = {Steven Erikson},
  title     = {The Crippled God},
  year      = {2010},
  crossref  = {StevenEriksonIanCameronEsslemont:MalazanBookoftheFallen},
  volume    = {10},
}

@misc{StevenEriksonIanCameronEsslemont:MalazanBookoftheFallen,
  author    = {Steven Erikson and Ian Cameron Esslemont},
  title     = {Malazan Book of the Fallen},
  year      = {1999--2010},
  series    = {Malazan Book of the Fallen},
}





@incollection{JohnGlasby:TheNamelessTower,
  author     = {John Glasby},
  title      = {The Nameless Tower},
  crossref   = {RobertMPrice:AzathothCycle},
}

@incollection{JohnGlasby:TheBroodingCity,
  author     = {John Glasby},
  title      = {The Brooding City},
  crossref   = {RobertMPrice:AntarktosCycle},
  pages      = {523--537},
}

@incollection{JohnGlasby:TheOldOne,
  author     = {John Glasby},
  title      = {The Old One},
  crossref   = {RobertMPrice:TsathogguaCycle},
}





@book{CodyGoodfellow:RadiantDawn,
  author     = {Cody Goodfellow},
  title      = {Radiant Dawn},
  year       = {2000},
  publisher  = {Elder Signs Press},
}





@book{BrianHerbert:LegendsofDune,
  author    = {Brian Herbert and Kevin J. Anderson},
  title     = {Legends of Dune},
  year      = {2002--2004},
  crossref  = {FrankHerbert:Dune},
}

@book{FrankHerbert:Dune,
  author    = {Frank Herbert},
  title     = {Dune},
  year      = {1965--1985},
  publisher = {New English Library},
}





@book{AdolfHitler:MeinKampf,
  author    = {Adolf Hitler},
  title     = {Mein Kampf},
  year      = {1966},
  publisher = {Paludan},
}





@book{Homer:Iliad,
  author    = {Homer},
  title     = {The Iliad},
}





@incollection{RobertEHoward:TheShadowKingdom,
  title     = {The Shadow Kingdom},
  year      = {1929},
  crossref  = {RobertEHoward:KullExileofAtlantis},
  pages     = {11--52},
}

@incollection{RobertEHoward:TheMirrorsofTuzunThune,
  title     = {The Mirrors of Tuzun Thune},
  year      = {1929},
  crossref  = {RobertEHoward:KullExileofAtlantis},
  pages     = {53--64},
}

@incollection{RobertEHoward:KullUntitledDraft,
  title     = {Untitled Draft},
  year      = {1978},
  crossref  = {RobertEHoward:KullExileofAtlantis},
  pages     = {65--86},
}

@incollection{RobertEHoward:TheCatandtheSkull,
  title     = {The Cat and the Skull},
  year      = {1967},
  crossref  = {RobertEHoward:KullExileofAtlantis},
  pages     = {87--116},
}

@incollection{RobertEHoward:TheScreamingSkullofSilence,
  title     = {The Screaming Skull of Silence},
  year      = {1967},
  crossref  = {RobertEHoward:KullExileofAtlantis},
  pages     = {117--126},
}

@incollection{RobertEHoward:TheAltarandtheScorpion,
  title     = {The Altar and the Scorpion},
  year      = {1967},
  crossref  = {RobertEHoward:KullExileofAtlantis},
  pages     = {133--138},
}

@incollection{RobertEHoward:TheCurseoftheGoldenSkull,
  title     = {The Curse of the Golden Skull},
  year      = {1967},
  crossref  = {RobertEHoward:KullExileofAtlantis},
  pages     = {139--144},
}

@incollection{RobertEHoward:SwordsofthePurpleKingdom,
  title     = {Swords of the Purple Kingdom},
  year      = {1967},
  crossref  = {RobertEHoward:KullExileofAtlantis},
  pages     = {181--210},
}

@incollection{RobertEHoward:TheKingandtheOak,
  title     = {The King and the Oak},
  year      = {1939},
  crossref  = {RobertEHoward:KullExileofAtlantis},
  pages     = {211--214},
}

@incollection{RobertEHoward:KingsoftheNight,
  title     = {Kings of the Night},
  year      = {1930},
  crossref  = {RobertEHoward:KullExileofAtlantis},
  pages     = {215--246},
}

@book{RobertEHoward:KullExileofAtlantis,
  author    = {Robert E. Howard},
  title     = {Kull: Exile of Atlantis},
  booktitle = {Kull: Exile of Atlantis},
  bookyear  = {2006},
  year      = {2006},
  series    = {Kull},
  publisher = {Del Rey},
}

@incollection{RobertEHoward:ThePhoenixontheSword,
  title     = {The Phoenix on the Sword},
  year      = {1932},
  crossref  = {RobertEHoward:Conan:I},
  pages     = {5--28},
}

@incollection{RobertEHoward:TheFrostGiantsDaughter,
  title     = {The Frost-Giant's Daughter},
  year      = {1976},
  crossref  = {RobertEHoward:Conan:I},
  pages     = {29--38},
}

@incollection{RobertEHoward:TheGodintheBowl,
  title     = {The God in the Bowl},
  year      = {1975},
  crossref  = {RobertEHoward:Conan:I},
  pages     = {39--58},
}

@incollection{RobertEHoward:TheToweroftheElephant,
  title     = {The Tower of the Elephant},
  year      = {1933},
  crossref  = {RobertEHoward:Conan:I},
  pages     = {59--82},
}

@incollection{RobertEHoward:TheScarletCitadel,
  title     = {The Scarlet Citadel},
  year      = {1933},
  crossref  = {RobertEHoward:Conan:I},
  pages     = {83--118},
}

@incollection{RobertEHoward:QueenoftheBlackCoast,
  title     = {Queen of the Black Coast},
  year      = {1934},
  crossref  = {RobertEHoward:Conan:I},
  pages     = {119--150},
}

@incollection{RobertEHoward:BlackColossus,
  title     = {Black Colossus},
  year      = {1933},
  crossref  = {RobertEHoward:Conan:I},
  pages     = {151--184},
}

@incollection{RobertEHoward:IronShadowsintheMoon,
  title     = {Iron Shadows in the Moon},
  year      = {1934},
  crossref  = {RobertEHoward:Conan:I},
  pages     = {185--216},
}

@incollection{RobertEHoward:XuthaloftheDusk,
  title     = {Xuthal of the Dusk},
  year      = {1933},
  crossref  = {RobertEHoward:Conan:I},
  pages     = {217--248},
}

@incollection{RobertEHoward:ThePooloftheBlackOne,
  title     = {The Pool of the Black One},
  year      = {1933},
  crossref  = {RobertEHoward:Conan:I},
  pages     = {249--276},
}

@incollection{RobertEHoward:RoguesintheHouse,
  title     = {Rogues in the House},
  year      = {1934},
  crossref  = {RobertEHoward:Conan:I},
  pages     = {277--300},
}

@incollection{RobertEHoward:TheValeofLostWomen,
  title     = {The Vale of Lost Women},
  year      = {1967},
  crossref  = {RobertEHoward:Conan:I},
  pages     = {301--316},
}

@incollection{RobertEHoward:TheDevilinIron,
  title     = {The Devil in Iron},
  year      = {1934},
  crossref  = {RobertEHoward:Conan:I},
  pages     = {317--348},
}

@book{RobertEHoward:Conan:I,
  author    = {Robert E. Howard},
  title     = {The Coming of Conan the Cimmerian},
  booktitle = {The Coming of Conan the Cimmerian},
  bookyear  = {2002},
  year      = {2002},
  series    = {Conan},
  publisher = {Del Rey},
}

@incollection{RobertEHoward:HouroftheDragon,
  title     = {Hour of the Dragon},
  year      = {1935--1936},
  crossref  = {RobertEHoward:Conan:II},
  pages     = {81--254},
}

@incollection{RobertEHoward:AWitchShallBeBorn,
  title     = {A Witch Shall Be Born},
  year      = {1934},
  crossref  = {RobertEHoward:Conan:II},
  pages     = {255--302},
}

@book{RobertEHoward:Conan:II,
  author    = {Robert E. Howard},
  title     = {The Bloody Crown of Conan},
  booktitle = {The Bloody Crown of Conan},
  bookyear  = {2003},
  year      = {2003},
  series    = {Conan},
  publisher = {Del Rey},
}

@incollection{RobertEHoward:RedNails,
  title     = {Red Nails},
  year      = {1937},
  crossref  = {RobertEHoward:Conan:III},
  pages     = {209--282},
}

@book{RobertEHoward:Conan:III,
  author    = {Robert E. Howard},
  title     = {The Conquering Sword of Conan},
  booktitle = {The Conquering Sword of Conan},
  bookyear  = {2005},
  year      = {2005},
  series    = {Conan},
  publisher = {Del Rey},
}

@incollection{RobertEHoward:WormsoftheEarth,
  title     = {Worms of the Earth},
  year      = {1932},
  crossref  = {RobertEHoward:BranMakMornTheLastKing},
  pages     = {83--128},
}

@incollection{RobertEHoward:ChildrenoftheNight,
  title     = {Children of the Night},
  year      = {1931},
  crossref  = {RobertEHoward:BranMakMornTheLastKing},
  pages     = {215--232},
}

@incollection{RobertEHoward:TheLittlePeople,
  title     = {The Little People},
  year      = {1970},
  crossref  = {RobertEHoward:BranMakMornTheLastKing},
  pages     = {199--206},
}

@book{RobertEHoward:BranMakMornTheLastKing,
  author    = {Robert E. Howard},
  title     = {Bran Mak Morn: The Last King},
  booktitle = {Bran Mak Morn: The Last King},
  bookyear  = {2005},
  year      = {2005},
  publisher = {Del Rey},
}

@incollection{RobertEHoward:RedShadows,
  title     = {Red Shadows},
  year      = {1928},
  crossref  = {RobertEHoward:TheSavageTalesofSolomonKane},
  pages     = {29--72},
}

@incollection{RobertEHoward:WingsintheNight,
  title     = {Wings in the Night},
  year      = {1932},
  crossref  = {RobertEHoward:TheSavageTalesofSolomonKane},
  pages     = {273--322},
}

@book{RobertEHoward:TheSavageTalesofSolomonKane,
  author    = {Robert E. Howard},
  title     = {The Savage Tales of Solomon Kane},
  booktitle = {The Savage Tales of Solomon Kane},
  bookyear  = {1998},
  year      = {1998},
  publisher = {Del Rey},
}

@incollection{RobertEHoward:TheValleyoftheLost,
  title     = {The Valley of the Lost},
  year      = {1966},
  crossref  = {RobertEHoward:TheHorrorStoriesofRobertEHoward},
  pages     = {269--288},
}

@incollection{RobertEHoward:WhichWillScarcelyBeUnderstood,
  title     = {Which Will Scarcely Be Understood},
  year      = {1937},
  crossref  = {RobertEHoward:TheHorrorStoriesofRobertEHoward},
}

@book{RobertEHoward:TheHorrorStoriesofRobertEHoward,
  author    = {Robert E. Howard},
  title     = {The Horror Stories of Robert E. Howard},
  booktitle = {The Horror Stories of Robert E. Howard},
  bookyear  = {2008},
  year      = {2008},
  publisher = {Del Rey},
}

@incollection{RobertEHoward:TheValleyoftheWorm,
  title     = {The Valley of the Worm},
  year      = {1934},
  crossref  = {RobertEHoward:CrimsonShadows},
  pages     = {259--278},
}

@book{RobertEHoward:CrimsonShadows,
  author    = {Robert E. Howard},
  title     = {Crimson Shadows},
  booktitle = {Crimson Shadows},
  bookyear  = {2007},
  year      = {2007},
  publisher = {Del Rey},
}

@incollection{RobertEHoward:NehktSemerkeht,
  title     = {Nehkt Semerkeht},
  year      = {1977},
  crossref  = {RobertEHoward:TheGodsofBalSagothCollection},
  pages     = {135--168},
}

@incollection{RobertEHoward:TheIsleoftheEons,
  title     = {The Isle of the Eons},
  year      = {1979},
  crossref  = {RobertEHoward:TheGodsofBalSagothCollection},
  pages     = {179--},
}

@book{RobertEHoward:TheGodsofBalSagothCollection,
  author    = {Robert E. Howard},
  title     = {The Gods of Bal-Sagoth},
  booktitle = {The Gods of Bal-Sagoth},
  bookyear  = {1979},
  year      = {1979},
  publisher = {Ace},
}

@book{RobertEHoward:Ghor,
  author    = {Robert E. Howard and others},
  title     = {Ghor, Kin-Slayer},
  year      = {1997},
  publisher = {Necronomicon Press},
}

@incollection{RobertEHoward:TheHouseintheOaks,
  title     = {The House in the Oaks},
  year      = {1971},
  crossref  = {RobertEHoward:NamelessCults},
  pages     = {168--183},
}

@book{RobertEHoward:NamelessCults,
  author    = {Robert E. Howard},
  title     = {Nameless Cults},
  booktitle = {Nameless Cults},
  bookyear  = {2001},
  year      = {2001},
  publisher = {Chaosium},
}





@book{VictorHugo:HunchbackofNotreDame,
  author    = {Victor Hugo},
  title     = {The Hunchback of Notre Dame},
  year      = {1831},
}





@incollection{WilliamJones:DepthofDarkness,
  author    = {William Jones},
  title     = {Depth of Darkness},
  crossref  = {WilliamJones:HighSeasCthulhu},
  pages     = {317--328},
}





@book{RobertJordan:WorldofWOT,
  author    = {Robert Jordan and Teresa Patterson},
  title     = {The World of the Wheel of Time},
  year      = {1997},
  crossref  = {RobertJordan:WheelofTime},
}

@book{RobertJordan:WheelofTime,
  author    = {Robert Jordan},
  title     = {The Wheel of Time},
  series    = {The Wheel of Time},
  year      = {1990--2009},
}





@incollection{StephenKing:CrouchEnd,
  author    = {Stephen King},
  title     = {Crouch End},
  crossref  = {RamseyCampbell:NewTalesoftheCthulhuMythos},
  pages     = {13--51},
}





@incollection{HenryKuttner:TheBlackKiss,
  title     = {The Black Kiss},
  crossref  = {HenryKuttner:TheBookofIod},
  year      = {1937},
  pages     = {37--58},
}

@incollection{HenryKuttner:TheInvaders,
  title     = {The Invaders},
  crossref  = {HenryKuttner:TheBookofIod},
  year      = {1939},
  pages     = {85--104},
}

@book{HenryKuttner:TheBookofIod,
  author    = {Henry Kuttner},
  title     = {The Book of Iod},
  booktitle = {The Book of Iod},
  bookyear  = {1995},
  year      = {1995},
  publisher = {Chaosium},
}





@book{BentleyLayton:TheGnosticScriptures,
  author    = {Bentley Layton},
  title     = {The Gnostic Scriptures},
  year      = {1987},
  publisher = {doubleday},
}





@book{MikeLee:FallenAngels,
  author    = {Mike Lee},
  title     = {Fallen Angels},
  year      = {2009},
  series    = {The Horus Heresy},
  volume    = {11},
  publisher = {Black Library},
}





@incollection{ThomasLigotti:TheSectoftheIdiot,
  title     = {The Sect of the Idiot},
  crossref  = {ThomasLigotti:TheNightmareFactory2},
}

@book{ThomasLigotti:TheNightmareFactory2,
  author    = {Thomas Ligotti},
  title     = {The Nightmare Factory Volume 2},
  booktitle = {The Nightmare Factory Volume 2},
}

@book{ThomasLigotti:TheConspiracyAgainsttheHumanRace,
  author    = {Thomas Ligotti},
  title     = {The Conspiracy Against the Human Race},
}





@incollection{HPLovecraft:AttheMountainsofMadness,
  title     = {At the Mountains of Madness},
  year      = {1931},
  crossref  = {HPLovecraft:OmnibusI},
  pages     = {9--140},
}

@incollection{HPLovecraft:TheBlackTomeofAlsophocus,
  author    = {H. P. Lovecraft and Martin S. Warnes},
  title     = {The Black Tome of Alsophocus},
  crossref  = {RamseyCampbell:NewTalesoftheCthulhuMythos},
  pages     = {248--259},
}

@incollection{HPLovecraft:TheBook,
  title     = {The Book},
  year      = {1934},
  crossref  = {HPLovecraft:OmnibusI},
  pages     = {413--416},
}

@incollection{HPLovecraft:TheCallofCthulhu,
  title     = {The Call of Cthulhu},
  year      = {1928},
  crossref  = {HPLovecraft:OmnibusIII},
  pages     = {61--98},
}

@incollection{HPLovecraft:TheCaseofCharlesDexterWard,
  title     = {The Case of Charles Dexter Ward},
  year      = {1943},
  crossref  = {HPLovecraft:OmnibusI},
  pages     = {141--302},
}

@incollection{HPLovecraft:TheCrawlingChaos,
  author    = {H. P. Lovecraft and Winifred V. Jackson},
  title     = {The Crawling Chaos},
  year      = {1921},
  crossref  = {HPLovecraft:TheHorrorintheMuseumandOthers},
}

@incollection{HPLovecraft:Dagon,
  title     = {Dagon},
  year      = {1919},
  crossref  = {HPLovecraft:OmnibusII},
  pages     = {11--17},
}

@incollection{HPLovecraft:TheColourOutofSpace,
  title     = {The Colour Out of Space},
  year      = {1927},
  crossref  = {HPLovecraft:OmnibusIII},
  pages     = {236--271},
}

@incollection{HPLovecraft:TheDiaryofAlonzoTyper,
  author    = {H. P. Lovecraft and William Lumley},
  title     = {The Diary of Alonzo Typer},
  year      = {1938},
  crossref  = {HPLovecraft:TheHorrorintheMuseumandOthers},
}

@incollection{HPLovecraft:TheDoomthatCametoSarnath,
  title     = {The Doom that Came to Sarnath},
  year      = {1920},
  crossref  = {HPLovecraft:OmnibusII},
  pages     = {49--56},
}

@incollection{HPLovecraft:TheDreamQuestofUnknownKadath,
  title     = {The Dream-Quest of Unknown Kadath},
  year      = {1927},
  crossref  = {HPLovecraft:OmnibusI},
  pages     = {361--486},
}

@incollection{HPLovecraft:TheDreamsintheWitchHouse,
  title     = {The Dreams in the Witch-House},
  year      = {1933},
  crossref  = {HPLovecraft:OmnibusI},
  pages     = {303--350},
}

@incollection{HPLovecraft:He,
  title     = {He},
  year      = {1926},
  crossref  = {HPLovecraft:OmnibusII},
  pages     = {270--282},
}

@incollection{HPLovecraft:OutoftheAeons,
  author    = {H. P. Lovecraft and Hazel Heald},
  title     = {Out of the Aeons},
  year      = {1933},
  crossref  = {HPLovecraft:TheHorrorintheMuseumandOthers},
}

@incollection{HPLovecraft:PickmansModel,
  title     = {Pickman's Model},
  year      = {1927},
  crossref  = {HPLovecraft:OmnibusIII},
  pages     = {44--60},
}

@incollection{HPLovecraft:Polaris,
  title     = {Polaris},
  year      = {1920},
  crossref  = {HPLovecraft:OmnibusIII},
  pages     = {31--36},
}

@incollection{HPLovecraft:TheShadowOutofTime,
  title     = {The Shadow Out of Time},
  year      = {1936},
  crossref  = {HPLovecraft:OmnibusIII},
  pages     = {464--544},
}

@incollection{HPLovecraft:TheShadowOverInnsmouth,
  title     = {The Shadow Over Innsmouth},
  year      = {1936},
  crossref  = {HPLovecraft:OmnibusIII},
  pages     = {382--463},
}

@incollection{HPLovecraft:TheStatementofRandolphCarter,
  title     = {The Statement of Randolph Carter},
  year      = {1920},
  crossref  = {HPLovecraft:OmnibusI},
  pages     = {351--360},
}

@incollection{HPLovecraft:ThroughtheGatesoftheSilverKey,
  author    = {H. P. Lovecraft and E. Hoffmann Price},
  title     = {Through the Gates of the Silver Key},
  year      = {1934},
  crossref  = {HPLovecraft:OmnibusIII},
  pages     = {503--},
}

@incollection{HPLovecraft:TheWhispererinDarkness,
  author    = {H. P. Lovecraft},
  title     = {The Whisperer in Darkness},
  year      = {1933},
  crossref  = {RobertMPrice:HasturCycle},
  pages     = {145--198},
}

@book{HPLovecraft:OmnibusI,
  author    = {H. P. Lovecraft},
  title     = {At the Mountains of Madness and Other Novels of Terror},
  booktitle = {At the Mountains of Madness and Other Novels of Terror},
  year      = {1985},
  bookyear  = {1985},
  publisher = {Voyager},
}

@book{HPLovecraft:OmnibusII,
  author    = {H. P. Lovecraft},
  title     = {Dagon and Other Macabre Tales},
  booktitle = {Dagon and Other Macabre Tales},
  year      = {1985},
  bookyear  = {1985},
  publisher = {Voyager},
}

@book{HPLovecraft:OmnibusIII,
  author    = {H. P. Lovecraft},
  title     = {The Haunter of the Dark},
  booktitle = {The Haunter of the Dark},
  year      = {1985},
  bookyear  = {1985},
  publisher = {Voyager},
}

@book{HPLovecraft:TheHorrorintheMuseumandOthers,
  author    = {H. P. Lovecraft and others},
  title     = {The Horror in the Museum},
  booktitle = {The Horror in the Museum},
  year      = {2007},
  bookyear  = {2007},
  publisher = {Del Rey/Ballantine},
}

@book{HPLovecraft:TheAncientTrack,
  author    = {H. P. Lovecraft},
  editor    = {S.T. Joshi},
  title     = {The Ancient Track: The Complete Poetical Works of H. P. Lovecraft},
  booktitle = {The Ancient Track: The Complete Poetical Works of H. P. Lovecraft},
  year      = {2001},
  bookyear  = {2001},
  publisher = {Night Shade Books},
}





@incollection{BrianLumley:TheSecondWish,
  author    = {Brian Lumley},
  title     = {The Second Wish},
  crossref  = {RamseyCampbell:NewTalesoftheCthulhuMythos},
  pages     = {105--139},
}





@incollection{ArthurMachen:TheInmostLight,
  title     = {The Inmost Light},
  crossref  = {ArthurMachen:TheThreeImpostorsAndOtherStories},
  pages     = {51--77},
}

@book{ArthurMachen:TheThreeImpostorsAndOtherStories,
  author    = {Arthur Machen},
  editor    = {S.T. Joshi},
  title     = {The Three Impostors and other stories},
  booktitle = {The Three Impostors and other stories},
  year      = {2001},
  bookyear  = {2001},
  publisher = {Chaosium},
}





@book{StephenMarley:SpiritMirror,
  author    = {Stephen Marley},
  title     = {Spirit Mirror},
  series    = {Chia Black Dragon},
  volume    = {1},
  year      = {1988},
}

@book{StephenMarley:MortalMask,
  author    = {Stephen Marley},
  title     = {Mortal Mask},
  series    = {Chia Black Dragon},
  volume    = {2},
  year      = {1991},
}

@book{StephenMarley:ShadowSisters,
  author    = {Stephen Marley},
  title     = {Shadow Sisters},
  series    = {Chia Black Dragon},
  volume    = {3},
  year      = {1993},
}





@book{GeorgeRRMartin:AGameofThrones,
  title     = {A Game of Thrones},
  year      = {1996},
  volume    = {1},
  crossref  = {GeorgeRRMartin:ASongofIceandFire},
}

@book{GeorgeRRMartin:AClashofKings,
  title     = {A Clash of Kings},
  year      = {1997},
  volume    = {2},
  crossref  = {GeorgeRRMartin:ASongofIceandFire},
}

@book{GeorgeRRMartin:AStormofSwords,
  title     = {A Storm of Swords},
  year      = {2000},
  volume    = {3},
  crossref  = {GeorgeRRMartin:ASongofIceandFire},
}

@book{GeorgeRRMartin:AFeastforCrows,
  title     = {A Feast for Crows},
  year      = {2005},
  volume    = {4},
  crossref  = {GeorgeRRMartin:ASongofIceandFire},
}

@misc{GeorgeRRMartin:ASongofIceandFire,
  author    = {George R. R. Martin},
  title     = {A Song of Ice and Fire},
  series    = {A Song of Ice and Fire},
  year      = {1996--2005},
  publisher = {Voyager},
}





@incollection{MichaelMcBride:LaArmadaInvencible,
  author    = {Michael {McBride}},
  title     = {La Armada Invencible},
  pages     = {89--100},
  crossref  = {WilliamJones:HighSeasCthulhu},
}





@book{GrahamMcNeill:Mechanicum,
  author    = {Graham {McNeill}},
  title     = {Mechanicum},
  year      = {2008},
  series    = {The Horus Heresy},
  volume    = {9},
  publisher = {Black Library},
}





@incollection{PaulMelniczek:Ensnared,
  author    = {Paul Melniczek},
  title     = {Ensnared},
  pages     = {89--100},
  crossref  = {WilliamJones:HighSeasCthulhu},
}





@book{CLMoore:TheDarkLand,
  author    = {Catherine Lucille Moore},
  title     = {The Dark Land},
  series    = {Jirel of Joiry},
}





@book{MichaelNelson:FallofCthulhuI,
  title     = {Fall of Cthulhu: The Fugue},
  year      = {2008},
  volume    = {1},
  crossref  = {MichaelNelson:FallofCthulhu},
}

@book{MichaelNelson:FallofCthulhuII,
  title     = {Fall of Cthulhu: The Gathering},
  year      = {2008},
  volume    = {2},
  crossref  = {MichaelNelson:FallofCthulhu},
}

@book{MichaelNelson:FallofCthulhuIII,
  title     = {Fall of Cthulhu: The Gray Man},
  year      = {2008},
  volume    = {3},
  crossref  = {MichaelNelson:FallofCthulhu},
}

@book{MichaelNelson:FallofCthulhuIV,
  title     = {Fall of Cthulhu: Godwar},
  year      = {2009},
  volume    = {4},
  crossref  = {MichaelNelson:FallofCthulhu},
}

@book{MichaelNelson:FallofCthulhuV,
  title     = {Fall of Cthulhu: Apocalypse},
  year      = {2010},
  volume    = {5},
  crossref  = {MichaelNelson:FallofCthulhu},
}

@misc{MichaelNelson:FallofCthulhu,
  author    = {Michael Nelson},
  title     = {Fall of Cthulhu},
  series    = {Fall of Cthulhu},
  publisher = {Boom! Studios},
}





@book{MarvinWMeyer:TheNagHammadiLibraryinEnglish,
  editor    = {Marvin W. Meyer},
  title     = {The Nag Hammadi Library in English},
  year      = {1977},
  publisher = {Harper \& Row},
}





@book{MichaelMoorcock:ElricofMelnibone,
  author    = {Michael Moorcock},
  title     = {Elric of \Melnibone},
  year      = {1973},
}

@book{MichaelMoorcock:Corum,
  author    = {Michael Moorcock},
  title     = {Corum},
  year      = {1971--1974},
}





@incollection{GaryMyers:TheHorrorShow,
  author    = {Gary Myers},
  title     = {The Horror Show},
  crossref  = {RobertMPrice:TsathogguaCycle},
}





@book{GeorgeOrwell:1984,
 author    = {George Orwell},
 title     = {1984},
 year      = {1949},
}





@book{ChristopherPaolini:Eragon,
  author    = {Christopher Paolini},
  title     = {Eragon},
  series    = {Inheritance Cycle},
  volume    = {1},
  year      = {2003},
}





@book{EdgarAllanPoe:ArthurGordonPym,
  author    = {Edgar Allan Poe},
  title     = {The Narrative of Arthur Gordon Pym of Nantucket},
  year      = {1838},
}





@incollection{RobertMPrice:TheOldOnesPromiseofEternalLife,
  author    = {Robert M. Price},
  title     = {The Old Ones' Promise of Eternal Life},
  crossref  = {RobertMPrice:AzathothCycle},
}





@book{PhillipPullman:NorthernLights,
  title     = {Northern Lights},
  year      = {1995},
  crossref  = {PhillipPullman:HisDarkMaterials},
  volume    = {1},
}

@book{PhillipPullman:TheSubtleKnife,
  title     = {The Subtle Knife},
  year      = {1997},
  crossref  = {PhillipPullman:HisDarkMaterials},
  volume    = {2},
}

@book{PhillipPullman:TheAmberSpyglass,
  title     = {The Amber Spyglass},
  year      = {2000},
  crossref  = {PhillipPullman:HisDarkMaterials},
  volume    = {3},
  publisher = {Knopf},
}

@misc{PhillipPullman:HisDarkMaterials,
  author    = {Phillip Pullman},
  title     = {His Dark Materials},
  series    = {His Dark Materials},
  year      = {1995--2000},
}





@incollection{JosephSPulverSr:LitanyfortheDeliverance,
  author    = {Pulver, Sr., Joseph S.},
  title     = {LitanyfortheDeliverance},
  crossref  = {RobertMPrice:CryptofCthulhu105},
}





@incollection{StephenMarkRainey:Signals,
  author    = {Stephen Mark Rainey},
  title     = {Signals},
  pages     = {147--148},
  crossref  = {WilliamJones:HighSeasCthulhu},
}





@book{VengerSatanis:CthulhuCult,
  author    = {Venger Satanis},
  title     = {Cthulhu Cult},
  year      = {2007},
  publisher = {Lulu},
}





@book{StevenSavile:Dominion,
  title     = {Dominion},
  year      = {2006},
  volume    = {2},
  crossref  = {StevenSavile:VonCarsteinTrilogy},
}

@misc{StevenSavile:VonCarsteinTrilogy,
  author    = {Steven Savile},
  title     = {The Von Carstein Trilogy},
  series    = {The Von Carstein Trilogy},
  publisher = {Black Library},
}

@book{StevenSavile:CurseoftheNecrarch,
  title     = {Curse of the Necrarch},
  year      = {2008},
  publisher = {Black Library},
}






@incollection{DarrellSchweizer:TheIdolinHisHand,
  author    = {Darrell Schweizer},
  title     = {The Idol in His Hand},
  pages     = {9--22},
  crossref  = {WilliamJones:HighSeasCthulhu},
}





@incollection{StephenSennitt:LiberKoth,
  title     = {Liber Koth},
  pages     = {91--118},
  crossref  = {StephenSennitt:InfernalTexts},
}

@book{StephenSennitt:InfernalTexts,
  author    = {Stephen Sennitt},
  title     = {Infernal Texts: Nox and Liber Koth},
  booktitle = {Infernal Texts: Nox and Liber Koth},
  year      = {2004},
  bookyear  = {2004},
  publisher = {New Falcon},
}





@incollection{ClarkAshtonSmith:TheHuntersfromBeyond,
  title     = {The Hunters from Beyond},
  year      = {1931},
  pages     = {25--43},
  crossref  = {ClarkAshtonSmith:TheKlarkashTonCycle},
}

@book{ClarkAshtonSmith:TheKlarkashTonCycle,
  author    = {Clark Ashton Smith},
  title     = {The Klarkash-Ton Cycle},
  booktitle = {The Klarkash-Ton Cycle},
  year      = {2008},
  bookyear  = {2008},
  publisher = {Chaosium},
}

@incollection{ClarkAshtonSmith:UbboSathla,
  title     = {Ubbo-Sathla},
  year      = {1933},
  pages     = {39--45},
  crossref  = {JamesTurner:TalesoftheCthulhuMythos},
}

@incollection{ClarkAshtonSmith:TheDeathofMalygris,
  title     = {The Death of Malygris},
  year      = {1934},
  pages     = {269--281},
  crossref  = {ClarkAshtonSmith:EmperorofDreams},
}

@incollection{ClarkAshtonSmith:TheSevenGeases,
  title     = {The Seven Geases},
  year      = {1934},
  pages     = {292--312},
  crossref  = {ClarkAshtonSmith:EmperorofDreams},
}

@incollection{ClarkAshtonSmith:Xeethra,
  title     = {Xeethra},
  year      = {1934},
  pages     = {313--332},
  crossref  = {ClarkAshtonSmith:EmperorofDreams},
}

@incollection{ClarkAshtonSmith:TheDarkEidolon,
  title     = {The Dark Eidolon},
  year      = {1934},
  pages     = {333--360},
  crossref  = {ClarkAshtonSmith:EmperorofDreams},
}

@incollection{ClarkAshtonSmith:TheFlowerWomen,
  title     = {The Flower-Women},
  year      = {1935},
  pages     = {361--372},
  crossref  = {ClarkAshtonSmith:EmperorofDreams},
}

@book{ClarkAshtonSmith:EmperorofDreams,
  author    = {Clark Ashton Smith},
  title     = {Emperor of Dreams},
  booktitle = {Emperor of Dreams},
  year      = {2002},
  bookyear  = {2002},
  publisher = {Gollancz},
}





@incollection{BruceSterling:TheUnthinkable,
  author    = {Bruce Sterling},
  title     = {The Unthinkable},
  year      = {1991},
  crossref  = {JamesTurner:Cthulhu2000},
  pages     = {198--203},
}





@book{CharlesStross:AColderWar,
  author    = {Charles Stross},
  title     = {A Colder War},
  year      = {2000},
  publisher = {Spectrum SF},
}





@incollection{TanakaHirofumi:TheSecretMemoiroftheMissionary,
  author    = {Tanaka Hirofumi},
  title     = {The Secret Memoir of the Missionary{\dash}Prologue},
  crossref  = {AsamatsuKen:StraighttoDarkness},
  pages     = {13--62},
}





@book{AdrianTchaikovsky:EmpireinBlackandGold,
  title     = {Empire in Black and Gold},
  crossref  = {AdrianTchaikovsky:ShadowsoftheApt},
  year      = {2008}, 
  volume    = {1},
}

@book{AdrianTchaikovsky:DragonflyFalling,
  title     = {Dragonfly Falling},
  crossref  = {AdrianTchaikovsky:ShadowsoftheApt},
  year      = {2008}, 
  volume    = {2},
}

@book{AdrianTchaikovsky:BloodoftheMantis,
  title     = {Blood of the Mantis},
  crossref  = {AdrianTchaikovsky:ShadowsoftheApt},
  year      = {2009}, 
  volume    = {3},
}

@book{AdrianTchaikovsky:ShadowsoftheApt,
  author    = {Adrian Tchaikovsky},
  title     = {Shadows of the Apt (series)},
  series    = {Shadows of the Apt},
  year      = {2008--},
  publisher = {Tor},
}





@book{GavThorpe:Malekith,
  title     = {Malekith},
  year      = {2009},
  volume    = {1},
  crossref  = {GavThorpe:TheSundering},
}

@misc{GavThorpe:TheSundering,
  author    = {Gav Thorpe},
  series    = {The Sundering},
  publisher = {Black Library},
}





@book{RichardTierney:ScrollofThoth,
  author    = {Richard L. Tierney},
  title     = {Simon of Gitta},
  series    = {The Scroll of Thoth},
  year      = {1997},
  publisher = {Chaosium},
}

@incollection{RichardTierney:ThroneofAchamoth,
  author    = {Richard L. Tierney},
  title     = {Simon of Gitta},
  series    = {The Throne of Achamoth},
  year      = {1985},
  crossref  = {RobertMPrice:AzathothCycle},
}





@book{JRRTolkien:LordoftheRings:I,
  title     = {The Fellowship of the Ring},
  crossref  = {JRRTolkien:LordoftheRings},
  volume    = {1},
}

@book{JRRTolkien:LordoftheRings:II,
  title     = {The Two Towers},
  crossref  = {JRRTolkien:LordoftheRings},
  volume    = {1},
}

@book{JRRTolkien:LordoftheRings:III,
  title     = {The Return of the King},
  crossref  = {JRRTolkien:LordoftheRings},
  volume    = {1},
}

@book{JRRTolkien:LordoftheRings,
  author    = {J.R.R. Tolkien},
  title     = {The Lord of the Rings},
  series    = {The Lord of the Rings},
  year      = {1954},
}

@book{JRRTolkien:Silmarillion,
  author    = {J.R.R. Tolkien},
  title     = {The Silmarillion},
}





@book{AlanUnterman:TheKabbalisticTradition,
  editor    = {Alan Unterman},
  title     = {The Kabbalistic Tradition},
  year      = {2008},
  publisher = {Penguin Books},
}





@book{JackVance:RhialtotheMarvelous,
  title     = {Rhialto the Marvelous},
  year      = {1984},
  publisher = {Baen Enterprises},
  volume    = {4}
}

@misc{JackVance:DyingEarthSeries,
  author    = {Jack Vance},
  title     = {Dying Earth series},
  series    = {The Dying Earth},
}





@incollection{HenryJVesterIII:TheResurrectionofKzadoolRa,
  author    = {Henry J. Vester III},
  title     = {The Resurrection of Kzadool-Ra},
  crossref  = {RobertMPrice:TsathogguaCycle},
}





@book{PalleVibe:OriuagorsProfeti,
  author    = {Palle Vibe},
  title     = {Oriuagors Profeti},
  year      = {2007},
  publisher = {Fahrenheit},
}





@incollection{KarlEdwardWagner:DarknessWeaves,
  title     = {Darkness Weaves},
  year      = {1970},
  crossref  = {KarlEdwardWagner:GodsInDarkness},
  pages     = {349--520}
}

@incollection{KarlEdwardWagner:Bloodstone,
  title     = {Bloodstone},
  year      = {1975},
  crossref  = {KarlEdwardWagner:GodsInDarkness},
  pages     = {1--202}
}

@incollection{KarlEdwardWagner:DarkCrusade,
  title     = {Dark Crusade},
  year      = {1976},
  crossref  = {KarlEdwardWagner:GodsInDarkness},
  pages     = {203--348}
}

@book{KarlEdwardWagner:GodsInDarkness,
  author    = {Karl Edward Wagner},
  title     = {Gods in Darkness{\dash}The Complete Novels of Kane},
  booktitle = {Gods in Darkness{\dash}The Complete Novels of Kane},
  year      = {2002},
  bookyear  = {2002},
  publisher = {Night Shade Books},
  series    = {Kane},
}

@incollection{KarlEdwardWagner:AtFirstJustGhostly,
  title     = {At First Just Ghostly},
  year      = {1989},
  crossref  = {KarlEdwardWagner:MidnightSun},
  pages     = {351--391}
}

@book{KarlEdwardWagner:MidnightSun,
  author    = {Karl Edward Wagner},
  title     = {Midnight Sun{\dash}The Complete Stories of Kane},
  booktitle = {Midnight Sun{\dash}The Complete Stories of Kane},
  year      = {2003},
  bookyear  = {2003},
  publisher = {Night Shade Books},
  series    = {Kane},
}





@book{TadWilliams:MemorySorrowandThorn,
  author    = {Tad Williams},
  title     = {Memory, Sorrow and Thorn},
  year      = {1988--1993},
}





@incollection{LeeClarkZumpe:PassagetoOblivion,
  author    = {Lee Clark Zumpe},
  title     = {Passage to Oblivion},
  pages     = {37--52},
  crossref  = {WilliamJones:HighSeasCthulhu},
}





@book{KingJamesBible,
  title     = {King James Bible},
  editor    = {Robert Barker},
  year      = {1611},
}















Collections

@book{AsamatsuKen:StraighttoDarkness,
  editor    = {Asamatsu Ken},
  title     = {Straight to Darkness},
  year      = {2006},
  publisher = {Kurodahan Press},
  series    = {Lairs of the Hidden Gods},
}





@book{RamseyCampbell:NewTalesoftheCthulhuMythos,
  editor    = {Ramsey Campbell},
  title     = {New Tales of the Cthulhu Mythos},
  year      = {1989},
  publisher = {Grafton Books},
}





@book{WilliamJones:HighSeasCthulhu,
  editor    = {William Jones},
  title     = {High Seas Cthulhu},
  booktitle = {High Seas Cthulhu},
  year      = {2007},
  bookyear  = {2007},
  publisher = {Elder Signs Press},
}

@book{RobertMPrice:AntarktosCycle,
  editor    = {Robert M. Price},
  title     = {The Antarktos Cycle},
  year      = {2006},
  booktitle = {The Antarktos Cycle},
  bookyear  = {2006},
  publisher = {Chaosium},
}

@book{RobertMPrice:AzathothCycle,
  editor    = {Robert M. Price},
  title     = {The Azathoth Cycle},
  year      = {1995},
  booktitle = {The Azathoth Cycle},
  bookyear  = {1995},
  publisher = {Chaosium},
}

@book{RobertMPrice:TheNecronomicon,
  editor    = {Robert M. Price},
  title     = {The Necronomicon},
  year      = {2002},
  booktitle = {The Necronomicon},
  bookyear  = {2002},
  publisher = {Chaosium},
}

@book{RobertMPrice:TsathogguaCycle,
  editor    = {Robert M. Price},
  title     = {The Tsathoggua Cycle},
  year      = {2005},
  booktitle = {The Tsathoggua Cycle},
  bookyear  = {2005},
  publisher = {Chaosium}
}

@book{RobertMPrice:HasturCycle,
  editor    = {Robert M. Price},
  title     = {The Hastur Cycle},
  year      = {2006},
  booktitle = {The Hastur Cycle},
  edition   = {2nd},
  bookyear  = {2006},
  publisher = {Chaosium}
}

@book{RobertMPrice:CryptofCthulhu105,
  editor    = {Robert M. Price},
  title     = {Crypt of Cthulhu {\#}105},
  booktitle = {Crypt of Cthulhu {\#}105},
  year      = {2002},
  bookyear  = {2002},
  publisher = {Mythos Books},
}





@book{AlanRichardson:ThreeOrientalTales,
  editor    = {Alan Richardson},
  title     = {Three Oriental Tales},
  booktitle = {Three Oriental Tales},
  year      = {2002},
  bookyear  = {2002},
  publisher = {Houghton Mifflin},
}





@book{JamesTurner:Cthulhu2000,
  editor    = {James Turner},
  booktitle = {Cthulhu 2000},
  bookyear  = {1995},
  publisher = {Del Rey},
}

@book{JamesTurner:TalesoftheCthulhuMythos,
  author    = {H. P. Lovecraft and others}, 
  editor    = {James Turner},
  title     = {Tales of the Cthulhu Mythos},
  booktitle = {Tales of the Cthulhu Mythos},
  year      = {1998},
  bookyear  = {1998},
  publisher = {Del Rey},
}















Manga

@misc{ItoJunji:Uzumaki,
 author    = {It\=o Junji},
 title     = {Uzumaki},
 year      = {1998--9},
}

@misc{NagaiGo:Devilman,
 author    = {Nagai \Gou},
 title     = {Devilman},
 year      = {1972},
}















Movies

@misc{Movie:Alien,
 title     = {Alien},
 year      = {1979},
 series    = {Alien},
 volume    = {1},
}

@misc{Movie:Avatar,
  author    = {James Cameron},
  title     = {Avatar},
  year      = {2009},
}

@misc{Movie:Blade,
 title     = {Blade},
 year      = {1998},
 series    = {Blade},
 volume    = {1},
}

@misc{Movie:BladeII,
 title     = {Blade II },
 year      = {2002},
 series    = {Blade},
 volume    = {2},
}

@misc{Movie:BladeTrinity,
 title     = {Blade Trinity},
 year      = {2004},
 series    = {Blade},
 volume    = {3},
}

@misc{Movie:BourneUltimatum,
 title     = {The Bourne Ultimatum},
 year      = {2007},
}

@misc{Movie:CigaretteBurns,
  director  = {John Carpenter},
  title     = {Cigarette Burns},
  year      = {2005},
}

@misc{Movie:CrouchingTigerHiddenDragon,
 title     = {Crouching Tiger, Hidden Dragon},
 year      = {2000},
}

@misc{Movie:D-War,
 title     = {D-War (Dragon Wars)},
 year      = {2007},
}

@misc{Movie:EndofDays,
 title     = {End of Days},
 year      = {1999},
}

@misc{Movie:Eragon,
 title     = {Eragon},
 year      = {2006},
}

@misc{Movie:Evolution,
 title     = {Evolution},
 year      = {2001},
}

@misc{Movie:GargoylesRevenge,
 title     = {Gargoyles' Revenge},
 year      = {2004},
}

@misc{Movie:GhostRider,
 title     = {Ghost Rider},
 year      = {2007},
}

@misc{Movie:GodzillaVsMothra,
 title     = {Godzilla vs. Mothra: The Battle for Earth},
 year      = {1992},
 series    = {Godzilla},
}

@misc{Movie:Godzilla2000,
 title     = {Godzilla 2000},
 year      = {1999},
 series    = {Godzilla},
}

@misc{Movie:GodzillaVsMegaguirus,
 title     = {Godzilla vs. Megaguirus},
 year      = {2000},
 series    = {Godzilla},
}

@misc{Movie:HouseoftheDead,
 title     = {House of the Dead},
 year      = {2003},
 director = {Uwe Boll},
}

@misc{Movie:IceAge:III,
 title     = {Ice Age III: Dawn of the Dinosaurs},
 year      = {2009},
 series    = {Ice Age},
 volume    = {3},
}

@misc{Movie:IntheMouthofMadness,
  author    = {John Carpenter},
  title     = {In the Mouth of Madness},
  year      = {1994},
  series    = {Apocalypse Trilogy},
  volume    = {3},
}

@misc{Movie:IronMan,
 title     = {Iron Man},
 year      = {2008},
}

@misc{Movie:LordoftheRings:I,
 author    = {Peter Jackson},
 title     = {The Fellowship of the Ring},
 year      = {2001},
 series    = {The Lord of the Rings},
 volume    = {1},
 publisher = {New Line Cinema},
}

@misc{Movie:LordoftheRings:II,
 author    = {Peter Jackson},
 title     = {The Two Towers},
 year      = {2002},
 series    = {The Lord of the Rings},
 volume    = {2},
 publisher = {New Line Cinema},
}

@misc{Movie:LordoftheRings:III,
 author    = {Peter Jackson},
 title     = {The Return of the King},
 year      = {2003},
 series    = {The Lord of the Rings},
 volume    = {3},
 publisher = {New Line Cinema},
}

@misc{Movie:MonstersVersusAliens,
  author   = {Conrad Vernon and Rob Letterman},
 title     = {Monsters Versus Aliens},
 year      = {2009},
 series    = {Monsters Versus Aliens},
 volume    = {1},
 publisher = {DreamWorks/Paramount},
}

@misc{Movie:PiratesoftheCaribbean:I,
 title     = {Pirates of the Caribbean: Curse of the Black Pearl},
 year      = {2003},
 series    = {Pirates of the Caribbean},
 volume    = {1},
 publisher = {Walt Disney Pictures},
}

@misc{Movie:PiratesoftheCaribbean:II,
 title     = {Pirates of the Caribbean: Dead Man's Chest},
 year      = {2006},
 series    = {Pirates of the Caribbean},
 volume    = {2},
 publisher = {Walt Disney Pictures},
}

@misc{Movie:PiratesoftheCaribbean:III,
 title     = {Pirates of the Caribbean: At World's End},
 year      = {2007},
 series    = {Pirates of the Caribbean},
 volume    = {3},
 publisher = {Walt Disney Pictures},
}

@misc{Movie:QueenoftheDamned,
 title     = {Queen of the Damned},
 year      = {2005},
}

@misc{Movie:StarWar:BackstrokeoftheWest,
 author    = {George Lucas},
 author    = {Star Wars},
 title     = {Backstroke of the West},
 series    = {Star Wars},
 year      = {2005},
}

@misc{Movie:StarWars:III,
 author    = {George Lucas},
 author    = {Star Wars},
 title     = {Revenge of the Sith},
 series    = {Star Wars},
 volume    = {3},
 year      = {2005},
}

@misc{Movie:Transformers2007,
  author    = {Michael Bay},
  title     = {Transformers},
  series    = {Transformers},
  year      = {2007},
}

@misc{Movie:UnderworldI,
  title     = {Underworld},
  series    = {Underworld},
  year      = {2003},
  volume    = {1},
}

@misc{Movie:UnderworldII,
  title     = {Underworld: Evolution},
  series    = {Underworld},
  year      = {2006},
  volume    = {2},
}

@misc{Movie:UnderworldIII,
  title     = {Underworld: Rise of the Lycans},
  series    = {Underworld},
  year      = {2009},
  volume    = {3},
}

@misc{Movie:Watchmen,
  author    = {Zack Snyder},
  title     = {Watchmen},
  year      = {2009},
}

@misc{Movie:300,
  author    = {Zack Snyder},
  title     = {300},
  year      = {2007},
}















TV series

@misc{TV:BattlestarGalactica,
  title     = {Battlestar Galactica},
  year      = {2003--2009},
}

@misc{TV:Buffy,
  title     = {Buffy the Vampire Slayer},
  year      = {1997--2003},
}

@misc{TV:Garo,
  title     = {Garo},
  year      = {2005--2006},
}















Music

@misc{Arcturus:AsperaHiemsSymfonia,
 author    = {Arcturus},
 title     = {Aspera Hiems Symfonia},
 year      = {1996},
}



@misc{BeyondTwilight:TheEdge,
 author    = {Beyond Twilight},
 title     = {The Edge},
 year      = {1999},
}

@misc{BeyondTwilight:LurkingFantasia,
 author    = {Beyond Twilight},
 title     = {Lurking Fantasia},
 year      = {1999},
}

@misc{BeyondTwilight:TheDevilsHallofFame,
 author    = {Beyond Twilight},
 title     = {The Devil's Hall of Fame},
 year      = {2001},
}

@misc{BeyondTwilight:SectionX,
 author    = {Beyond Twilight},
 title     = {Section X},
 year      = {2005},
}

@misc{BeyondTwilight:FortheLoveofArtandtheMaking,
 author    = {Beyond Twilight},
 title     = {For the Love of Art and the Making},
 year      = {2006},
}





@misc{BlindGuardian:SOD,
  author    = {Blind Guardian},
  title     = {Symphonies of Doom},
  year      = {1985},
  publisher = {self-released},
}

@misc{BlindGuardian:BOF,
  author    = {Blind Guardian},
  title     = {Battalions of Fear},
  year      = {1987},
  publisher = {Virgin Records},
}

@misc{BlindGuardian:FTB,
  author    = {Blind Guardian},
  title     = {Follow the Blind},
  year      = {1989},
  publisher = {Virgin Records},
}

@misc{BlindGuardian:TFTTW,
  author    = {Blind Guardian},
  title     = {Tales from the Twilight World},
  year      = {1991},
  publisher = {Virgin Records},
}

@misc{BlindGuardian:SFB,
  author    = {Blind Guardian},
  title     = {Somewhere Far Beyond},
  year      = {1992},
  publisher = {Virgin Records},
}

@misc{BlindGuardian:IFTOS,
  author    = {Blind Guardian},
  title     = {Imaginations from the Other Side},
  year      = {1995},
  publisher = {Virgin Records},
}

@misc{BlindGuardian:NIME,
  author    = {Blind Guardian},
  title     = {Nightfall in Middle-Earth},
  year      = {1998},
  publisher = {Virgin Records},
}

@misc{BlindGuardian:ANATO,
  author    = {Blind Guardian},
  title     = {A Night at the Opera},
  year      = {2002},
  publisher = {Virgin Records},
}

@misc{BlindGuardian:ATITM,
  author    = {Blind Guardian},
  title     = {A Twist in the Myth},
  year      = {2006},
  publisher = {Nuclear Blast},
}





@misc{CradleofFilth:CrueltyandtheBeast,
 author    = {Cradle of Filth},
 title     = {Cruelty and the Beast},
 year      = {1998},
}





@misc{DarkEmpire:DistantTides,
  author    = {Dark Empire},
  title     = {Distant Tides},
  year      = {2006},
  publisher = {{CD Inzane}},
}

@misc{DarkEmpire:HumanityDethroned,
  author    = {Dark Empire},
  title     = {Humanity Dethroned},
  year      = {2008},
  publisher = {KillZone},
}





@misc{DeathspellOmega:SiMonumentumRequiresCircumspice,
  author    = {Deathspell Omega},
  title     = {Si Monumentum Requires, Circumspice},
  year      = {2004},
}

@misc{DeathspellOmega:Kenose,
  author    = {Deathspell Omega},
  title     = {\Kenose},
  year      = {2005},
}

@misc{DeathspellOmega:FromtheEntrailstotheDirt,
  author    = {Deathspell Omega},
  title     = {From the Entrails to the Dirt},
  year      = {2005},
}

@misc{DeathspellOmega:CrushingtheHolyTrinity,
  author    = {Deathspell Omega},
  title     = {Crushing the Holy Trinity},
  year      = {2005},
}

@misc{DeathspellOmega:FasIteMaledictiinIgnemAeternum,
  author    = {Deathspell Omega},
  title     = {Fas\dash Ite, Maledicti, in Ignem Aeternum},
  year      = {2007},
}





@misc{DreamTheater:ScenesfromaMemory,
  author    = {Dream Theater},
  title     = {Scenes from a Memory},
  year      = {1999},
}





@misc{Emperor:IXEquilibrium,
 author    = {Emperor},
 title     = {IX Equilibrium},
 year      = {1999},
}

@misc{Emperor:Prometheus,
 author    = {Emperor},
 title     = {Prometheus\dash The Discipline of Fire and Demise},
 year      = {2001},
}





@misc{HourofPenance:TheVileConception,
 author    = {Hour of Penance},
 title     = {The Vile Conception},
 year      = {2008},
}





@misc{IcedEarth:IcedEarth,
 author    = {Iced Earth},
 title     = {Iced Earth},
 year      = {1990},
}

@misc{IcedEarth:NightoftheStormrider,
 author    = {Iced Earth},
 title     = {Night of the Stormrider},
 year      = {1991},
}

@misc{IcedEarth:BurntOfferings,
 author    = {Iced Earth},
 title     = {Burnt Offerings},
 year      = {1995},
}

@misc{IcedEarth:DarkSaga,
 author    = {Iced Earth},
 title     = {The Dark Saga},
 year      = {1996},
}

@misc{IcedEarth:SomethingWickedThisWayComes,
 author    = {Iced Earth},
 title     = {Something Wicked This Way Comes},
 year      = {1998},
}

@misc{IcedEarth:HorrorShow,
 author    = {Iced Earth},
 title     = {Horror Show},
 year      = {2001},
}

@misc{IcedEarth:TheGloriousBurden,
 author    = {Iced Earth},
 title     = {The Glorious Burden},
 year      = {2004},
}

@misc{IcedEarth:SomethingWicked,
 author    = {Iced Earth},
 title     = {Something Wicked},
 year      = {2007--2008},
}

@misc{IcedEarth:FramingArmageddon,
 author    = {Iced Earth},
 title     = {Framing Armageddon},
 year      = {2007},
}

@misc{IcedEarth:TheCrucibleofMan,
 author    = {Iced Earth},
 title     = {The Crucible of Man},
 year      = {2008},
}





@misc{Ihsahn:TheAdversary,
 author    = {Ihsahn},
 title     = {TheAdversary},
 year      = {2006},
}

@misc{Ihsahn:angL,
 author    = {Ihsahn},
 title     = {angL},
 year      = {2008},
}





@misc{LimbonicArt:MoonintheScorpio,
 author    = {Limbonic Art},
 title     = {Moon in the Scorpio},
 year      = {1996},
}

@misc{LimbonicArt:InAbhorrenceDementia,
 author    = {Limbonic Art},
 title     = {In Abhorrence Dementia},
 year      = {1997},
}

@misc{LimbonicArt:EpitomeofIllusions,
 author    = {Limbonic Art},
 title     = {Epitome of Illusions},
 year      = {1998},
}

@misc{LimbonicArt:AdNoctum,
 author    = {Limbonic Art},
 title     = {Ad Noctum\dash{}Dynasty of Death},
 year      = {1999},
}

@misc{LimbonicArt:TheUltimateDeathWorship,
 author    = {Limbonic Art},
 title     = {The Ultimate Death Worship},
 year      = {2002},
}

@misc{LimbonicArt:LegacyofEvil,
 author    = {Limbonic Art},
 title     = {Legacy of Evil},
 year      = {2007},
}





@misc{MaelMordha:GealtachtMaelMordha,
  author    = {Mael M{\'o}rdha},
  title     = {Gealtacht Mael M{\'o}rdha},
  year      = {2007},
}





@misc{MonolithDeathcult:Triumvirate,
  author = {Monolith Deathcult},
  title = {Triumvirate},
  year = {2008},
}





@misc{Nightwish:AngelsFallFirst,
 author = {Nightwish},
 title = {Angels Fall First},
 year = {1997},
}

@misc{Nightwish:Oceanborn,
 author = {Nightwish},
 title = {Oceanborn},
 year = {1998},
}

@misc{Nightwish:Wishmaster,
 author = {Nightwish},
 title = {Wishmaster},
 year = {2000},
}



@misc{Nile:FestivalsofAtonement,
  author = {Nile},
  title = {Festivals of Atonement},
  year = {1995},
}

@misc{Nile:RamsesBringerofWar,
  author = {Nile},
  title = {Ramses, Bringer of War},
  year = {1997},
}

@misc{Nile:AmongstheCatacombsofNephrenKa,
 author = {Nile},
 title = {Amongs the Catacombs of Nephren-Ka},
 year = {1998},
}

@misc{Nile:BlackSeedsofVengeance,
  author = {Nile},
  title = {Black Seeds of Vengeance},
  year = {2000},
}

@misc{Nile:InTheirDarkenesShrines,
  author = {Nile},
  title = {In Their Darkened Shrines},
  year = {2002},
}

@misc{Nile:AnnihilationoftheWicked,
  author = {Nile},
  title = {Annihilation of the Wicked},
  year = {2005},
}

@misc{Nile:Ithyphallic,
  author = {Nile},
  title = {Ithyphallic},
  year = {2007},
}

@misc{KarlSanders:SaurianMeditation,
  author = {Karl Sanders},
  title = {Saurian Meditation},
  year = {2004},
}

@misc{KarlSanders:SaurianExorcisms,
  author = {Karl Sanders},
  title = {Saurian Meditation},
  year = {2009},
  publisher = {The End Records},
}





@misc{Rage:EndofAllDays,
 author = {Rage},
 title = {End of All Days},
 year = {1996},
}





@misc{SymphonyX:ParadiseLost,
 author = {Symphony X},
 title = {Paradise Lost},
 year = {2007},
}















Pictures 



@misc{Picture:GunnerRomantic:BermudaTaowls,
  author    = {GunnerRomantic},
  title     = {Bermuda Taowls},
}















Poetry

@misc{Duana:Chrysallis,
 author    = {Edgar Allan Poe},
 title     = {The Conqueror Worm},
 year      = {1843},
 address = {http://www.necrobabes.org/duana/chrysallis.html}
}

@misc{EdgarAllanPoe:TheConquerorWorm,
 author    = {Edgar Allan Poe},
 title     = {The Conqueror Worm},
 year      = {1843},
}















Role-Playing Games

@misc{RPG:CallofCthulhu,
  author    = {Sandy Petersen and Lynn Willis and Lynn Willis and John Snyder and Paul Carrick},
  title     = {Call of Cthulhu},
  year      = {1981},
  publisher = {Chaosium},
}

@misc{RPG:CallofCthulhu:GreatOldOnes,
  author    = {Doug Lyons and L. N. Isynwill},
  title     = {The Great Old Ones},
  year      = {1989},
  publisher = {Chaosium},
}

@misc{RPG:CallofCthulhu:BeyondtheMountainsofMadness,
  author    = {Charles Engan and Janyce Engan},
  title     = {Beyond the Mountains of Madness},
  year      = {1989},
  publisher = {Chaosium},
}

@misc{RPG:CallofCthulhu:EndTime,
  author    = {Dr. Michael C. LaBossiere},
  title     = {EndTime},
  year      = {2001},
  publisher = {Self-published},
}

@misc{RPG:CallofCthulhu:SecretsofJapan,
  author    = {Michael Dziesinski},
  title     = {Secrets of Japan},
  year      = {2005},
  publisher = {Chaosium},
}

@misc{RPG:DungeonsandDragons,
  author    = {Gary Gygax and others},
  title     = {Dungeons and Dragons},
  year      = {1974--},
  publisher = {TSR},
}

@misc{RPG:Kult,
  title     = {Kult},
}

@misc{RPG:Warhammer,
  title     = {Warhammer Fantasy Battle (role-playing game)},
  year      = {1983--},
  publisher = {Games Workshop},
}

@misc{RPG:Warhammer:DarkElves,
  author    = {Gav Thorpe and Space James McQuirk and Tuomas Pirinen},
  title     = {Dark Elves},
  year      = {2001},
  publisher = {Games Workshop},
}

@misc{RPG:Warhammer:HighElves,
  author    = {Andy Chambers and Jes Goodwin and Bill King and Tuomas Pirinen and Rick Priestley},
  title     = {High Elves},
  year      = {2001},
  publisher = {Games Workshop},
}

@misc{RPG:Warhammer:HordesofChaos,
  author    = {Gavin Thorpe and Rick Priestly and Anthony Reynolds and Alessio Cavatore},
  title     = {Hordes of Chaos},
  year      = {2002},
  publisher = {Games Workshop},
}

@misc{RPG:Warhammer:TheEmpire,
  author    = {Alessio Cavatore},
  title     = {The Empire},
  year      = {2000},
  publisher = {Games Workshop},
}

@misc{RPG:Warhammer40000,
  title     = {Warhammer 40,000},
  year      = {1987--},
  publisher = {Games Workshop},
}

@misc{RPG:Warhammer40000:Eldar,
  author    = {Phil Kelly},
  title     = {Codex: Eldar},
  year      = {2006},
  publisher = {Games Workshop},
}

@misc{RPG:Warhammer40000:DarkEldar,
  author    = {Jervis Johnson and Gavin Thorpe},
  title     = {Codex: Dark Eldar},
  year      = {1998},
  publisher = {Games Workshop},
}

@misc{RPG:Warhammer40000:Necrons,
  author    = {Andy Chambers and Pete Haines and Graham {McNeill} and Phil Kelly and Andy Hoare},
  title     = {Codex: Necrons},
  year      = {2002},
  publisher = {Games Workshop},
}















Video Games

@misc{VideoGame:Diablo,
  title     = {Diablo},
  year      = {1996},
  publisher = {Blizzard Entertainment},
  series    = {Diablo},
  volume    = {1},
}

@misc{VideoGame:DiabloII,
  title     = {Diablo II},
  year      = {2000},
  publisher = {Blizzard Entertainment},
  series    = {Diablo},
  volume    = {2},
}

@misc{VideoGame:FinalFantasyVII,
  title     = {Final Fantasy VII},
  year      = {1997},
  series    = {Final Fantasy VII},
  publisher = {Square Enix},
}

@misc{VideoGame:KOTORII,
  title     = {Knights of the Old Republic II: The Sith Lords},
  year      = {2004},
  publisher = {BioWare/LucasArts},
}

@misc{VideoGame:Starcraft,
  title     = {Starcraft},
  year      = {1997},
  publisher = {Blizzard Entertainment},
  series    = {Starcraft},
  volume    = {1},
}

@misc{VideoGame:StarcraftII,
  title     = {Starcraft II},
  year      = {2010},
  publisher = {Blizzard Entertainment},
  series    = {Starcraft},
  volume    = {2},
}

@misc{VideoGame:Torchlight,
  title     = {Torchlight},
  year      = {2009},
  publisher = {Runic Games},
}

@misc{VideoGame:Warcraft,
  title     = {Warcraft (series)},
  year      = {1994--2008},
  publisher = {Blizzard Entertainment},
}

@misc{VideoGame:WarcraftIII,
  title     = {Warcraft III},
  year      = {2002},
  publisher = {Blizzard Entertainment},
  series    = {Warcraft},
  volume    = {3},
}

@misc{VideoGame:WorldofWarcraft,
  title     = {World of Warcraft},
  year      = {2004},
  publisher = {Blizzard Entertainment},
  series    = {Warcraft},
}















Websites

@misc{GarrettsBridges,
  title     = {GarrettsBridges},
  year      = {2009},
  address = {http://www.garrettsbridges.com/links/special8.html}
}




@misc{DerekKeene:FeedingMedievalEuropeanCities,
  author    = {Derek Keene},
  title     = {Feeding Medieval European Cities, 600-1500},
  year      = {2009 (retrieved)},
  publisher = {Institute of Historical Research},
  address   = {http://www.history.ac.uk/resources/e-seminars/keene-paper}
}




@misc{Misc:Monsterpocalypse,
  title     = {Monsterpocalypse},
  year      = {2009},
  address = {http://www.monsterpocalypsegame.com/world}
}



@misc{Cracked:GeneticExperiments,
  author    = {Cracked.com},
  title     = {The 5 Current Genetic Experiments Most Likely to Destroy Humanity},
  year      = {2008},
  address = {http://www.cracked.com/article_15801_p5.html}
}





















