@inbook{RobertEHoward:TheShadowKingdom,
  title   =      {The Shadow Kingdom},
  year    =      {1929},
  crossref  =    {RobertEHoward:KullExileofAtlantis},
  pages     =    {11--52},
}

@book{RobertEHoward:KullExileofAtlantis,
  author    =      {Robert E. Howard},
  booktitle =      {Kull: Exile of Atlantis},
  year      =      {2006},
  publisher =      {Del Rey},
}

@inbook{LinCarter:TheNecronomiconTheDeeTranslation,
  title     =      {The Necronomicon: The Dee Translation},
  year      =      {1989},
  crossref  =      {RobertMPrice:TheNecronomicon},
  pages     =    {11--52},
}





@book{RobertMPrice:TheNecronomicon,
  author    =      {Lin Carter},
 title     =    {The Necronomicon},
 year      =    {2002},
 booktitle =    {The Necronomicon},
 bookyear  =    {2002},
 publisher =    {Chaosium},
  pages     =    {11--52},
}

